@article{vom2015standing,
  title={Standing on the shoulders of giants: Challenges and recommendations of literature search in information systems research},
  author={Vom Brocke, Jan and Simons, Alexander and Riemer, Kai and Niehaves, Bjoern and Plattfaut, Ralf and Cleven, Anne},
  journal={Communications of the association for information systems},
  volume={37},
  number={1},
  pages={9},
  year={2015}
}
